<?xml version="1.0" encoding="UTF-8"?><collection xmlns="http://www.loc.gov/MARC21/slim"><record><leader>00665nam--2200193-i-4500</leader><controlfield tag="001">000048265</controlfield><controlfield tag="002">20161230</controlfield><controlfield tag="005">20161230201046</controlfield><controlfield tag="008">060222s1000------------r-----000-0-eng-d</controlfield><datafield ind1=" " ind2=" " tag="020"><subfield code="a">072040293X</subfield></datafield><datafield ind1=" " ind2=" " tag="040"><subfield code="a">IFIN-HH</subfield></datafield><datafield ind1=" " ind2=" " tag="080"><subfield code="a">539.12:530.145/(061.3)</subfield></datafield><datafield ind1="1" ind2=" " tag="100"><subfield code="a">Martinis, Mladen</subfield></datafield><datafield ind1="1" ind2="0" tag="245"><subfield code="a">Particle physics</subfield><subfield code="b">Proceedings of the adriatic summer meeting on particle physics, rovinj, yugoslavia, september 23-october 5, 1973</subfield><subfield code="c">Mladen martinis, silvio pallua, nikola zovko (eds.)</subfield></datafield><datafield ind1=" " ind2=" " tag="260"><subfield code="a">Amsterdam</subfield><subfield code="b">North-holland Publishing Company</subfield><subfield code="c">1974</subfield></datafield><datafield ind1=" " ind2=" " tag="300"><subfield code="a">XII+366P</subfield></datafield><datafield ind1="1" ind2=" " tag="700"><subfield code="a">Zovko, Nikola</subfield><subfield code="e">Ed</subfield></datafield><datafield ind1=" " ind2=" " tag="852"><subfield code="a">43323</subfield><subfield code="c">539.12</subfield></datafield><datafield ind1=" " ind2=" " tag="CAT"><subfield code="a">Sys</subfield><subfield code="c">20111124</subfield><subfield code="h">151454</subfield></datafield></record></collection>